{"btc_rur":[{"type":"bid","price":2604108.6,"amount":0.00018846,"tid":207015569,"timestamp":1694684068},{"type":"bid","price":2601001,"amount":0.01254363,"tid":207015568,"timestamp":1694683710},{"type":"ask","price":2601001,"amount":0.00270433,"tid":207015567,"timestamp":1694683385},{"type":"ask","price":2601001,"amount":0.00113265,"tid":207015566,"timestamp":1694683021},{"type":"ask","price":2604015,"amount":0.00010055,"tid":207015565,"timestamp":1694682751},{"type":"bid","price":2604108.6,"amount":0.00013741,"tid":207015564,"timestamp":1694682606},{"type":"ask","price":2604100,"amount":0.0002624,"tid":207015563,"timestamp":1694682535},{"type":"bid","price":2604108.6,"amount":0.00116,"tid":207015562,"timestamp":1694682411},{"type":"ask","price":2604108,"amount":0.00044285,"tid":207015561,"timestamp":1694682377},{"type":"ask","price":2604108.6,"amount":0.0001,"tid":207015560,"timestamp":1694682365},{"type":"bid","price":2620811.999998,"amount":0.00014293,"tid":207015559,"timestamp":1694681255},{"type":"bid","price":2620811.999999,"amount":0.00571241,"tid":207015558,"timestamp":1694681215},{"type":"bid","price":2620871.999992,"amount":0.00350116,"tid":207015557,"timestamp":1694680954},{"type":"bid","price":2620871.999993,"amount":0.0037344,"tid":207015556,"timestamp":1694680947},{"type":"bid","price":2621015.999999,"amount":0.00533116,"tid":207015555,"timestamp":1694680195},{"type":"ask","price":2604012,"amount":0.00016804,"tid":207015554,"timestamp":1694679217},{"type":"ask","price":2621035.9168164,"amount":0.0004671,"tid":207015553,"timestamp":1694679044},{"type":"ask","price":2621035.9168164,"amount":0.00020132,"tid":207015552,"timestamp":1694679044},{"type":"ask","price":2621035.9168164,"amount":0.00383134,"tid":207015551,"timestamp":1694679025},{"type":"ask","price":2621035.9168164,"amount":0.00116,"tid":207015550,"timestamp":1694678957},{"type":"bid","price":2621035.9168164,"amount":0.0001,"tid":207015549,"timestamp":1694678914},{"type":"bid","price":2600772.1,"amount":0.00385928,"tid":207015548,"timestamp":1694678505},{"type":"bid","price":2600772.1,"amount":0.00043592,"tid":207015547,"timestamp":1694678485},{"type":"bid","price":2600772.1,"amount":0.0010087,"tid":207015546,"timestamp":1694678300},{"type":"ask","price":2600772.2,"amount":0.0001,"tid":207015545,"timestamp":1694678287},{"type":"bid","price":2623763.999999,"amount":0.00011296,"tid":207015544,"timestamp":1694674904},{"type":"bid","price":2623944,"amount":0.0001141,"tid":207015543,"timestamp":1694673949},{"type":"ask","price":2600604,"amount":0.00061774,"tid":207015542,"timestamp":1694673185},{"type":"bid","price":2600604,"amount":0.00022226,"tid":207015541,"timestamp":1694673168},{"type":"ask","price":2600604,"amount":0.00116,"tid":207015540,"timestamp":1694673145},{"type":"ask","price":2600604.1,"amount":0.0001,"tid":207015539,"timestamp":1694673130},{"type":"bid","price":2624404.53619782,"amount":0.00022861,"tid":207015538,"timestamp":1694672378},{"type":"ask","price":2623953.99999998,"amount":0.00116,"tid":207015537,"timestamp":1694672303},{"type":"bid","price":2623953.99999998,"amount":0.0001002,"tid":207015536,"timestamp":1694672297},{"type":"ask","price":2600544.000001,"amount":0.00211618,"tid":207015535,"timestamp":1694671136},{"type":"bid","price":2600412,"amount":0.00116,"tid":207015534,"timestamp":1694668979},{"type":"ask","price":2600412,"amount":0.0007655,"tid":207015533,"timestamp":1694668895},{"type":"ask","price":2600412.000001,"amount":0.00231097,"tid":207015532,"timestamp":1694668895},{"type":"ask","price":2600280.000001,"amount":0.00385771,"tid":207015531,"timestamp":1694668312},{"type":"ask","price":2600220.000001,"amount":0.00535378,"tid":207015530,"timestamp":1694668069},{"type":"ask","price":2600148.000001,"amount":0.00327559,"tid":207015529,"timestamp":1694667500},{"type":"ask","price":2600076.000001,"amount":0.00349052,"tid":207015528,"timestamp":1694666841},{"type":"ask","price":2619986.40057992,"amount":0.00100248,"tid":207015527,"timestamp":1694666841},{"type":"ask","price":2619986.40057992,"amount":0.00106842,"tid":207015526,"timestamp":1694666841},{"type":"ask","price":2619986.40057992,"amount":0.00018026,"tid":207015525,"timestamp":1694666430},{"type":"ask","price":2619986.40057992,"amount":0.00015837,"tid":207015524,"timestamp":1694665773},{"type":"bid","price":2623847.999999,"amount":0.00069459,"tid":207015523,"timestamp":1694664402},{"type":"ask","price":2610012,"amount":0.00027573,"tid":207015522,"timestamp":1694664175},{"type":"ask","price":2610000,"amount":0.00015258,"tid":207015521,"timestamp":1694663990},{"type":"bid","price":2624807.999999,"amount":0.00009525,"tid":207015520,"timestamp":1694660711},{"type":"bid","price":2624447.5184004,"amount":0.0001,"tid":207015519,"timestamp":1694660711},{"type":"bid","price":2620758,"amount":0.00003353,"tid":207015518,"timestamp":1694660711},{"type":"bid","price":2620758,"amount":0.00033753,"tid":207015517,"timestamp":1694657425},{"type":"bid","price":2620429.4984004,"amount":0.0001,"tid":207015516,"timestamp":1694657425},{"type":"bid","price":2619000,"amount":0.00147764,"tid":207015515,"timestamp":1694657425},{"type":"bid","price":2618988,"amount":0.00116,"tid":207015514,"timestamp":1694657425},{"type":"bid","price":2618987.9,"amount":0.0001,"tid":207015513,"timestamp":1694657425},{"type":"ask","price":2600016,"amount":0.00056445,"tid":207015512,"timestamp":1694656973},{"type":"bid","price":2617000,"amount":0.00011493,"tid":207015511,"timestamp":1694652880},{"type":"bid","price":2617000,"amount":0.00087882,"tid":207015510,"timestamp":1694652880},{"type":"bid","price":2616999.999997,"amount":0.01074432,"tid":207015509,"timestamp":1694652880},{"type":"bid","price":2616671.999979,"amount":0.01085836,"tid":207015508,"timestamp":1694652880},{"type":"ask","price":2595230,"amount":0.01457451,"tid":207015507,"timestamp":1694648693},{"type":"ask","price":2595230.000001,"amount":0.01001088,"tid":207015506,"timestamp":1694648693},{"type":"ask","price":2596044,"amount":0.00116,"tid":207015505,"timestamp":1694648693},{"type":"ask","price":2596109.58406226,"amount":0.00434389,"tid":207015504,"timestamp":1694648693},{"type":"ask","price":2605000.6,"amount":0.00019309,"tid":207015503,"timestamp":1694648278},{"type":"ask","price":2605000.6,"amount":0.0003034,"tid":207015502,"timestamp":1694648278},{"type":"ask","price":2605008,"amount":0.00116,"tid":207015501,"timestamp":1694648278},{"type":"ask","price":2605008.000001,"amount":0.01064577,"tid":207015500,"timestamp":1694648278},{"type":"ask","price":2605008.000001,"amount":0.01068699,"tid":207015499,"timestamp":1694648278},{"type":"bid","price":2609000,"amount":0.000672,"tid":207015498,"timestamp":1694648123},{"type":"ask","price":2609000,"amount":0.002065,"tid":207015497,"timestamp":1694648120},{"type":"bid","price":2617000,"amount":0.00011107,"tid":207015496,"timestamp":1694645922},{"type":"bid","price":2605008,"amount":0.00059398,"tid":207015495,"timestamp":1694638133},{"type":"ask","price":2605008,"amount":0.00116,"tid":207015494,"timestamp":1694638042},{"type":"ask","price":2616999.999999,"amount":0.00085327,"tid":207015493,"timestamp":1694637891},{"type":"ask","price":2605008,"amount":0.0001,"tid":207015492,"timestamp":1694637442},{"type":"ask","price":2605008,"amount":0.0001,"tid":207015491,"timestamp":1694637418},{"type":"ask","price":2605008.5,"amount":0.0001,"tid":207015490,"timestamp":1694637417},{"type":"ask","price":2605008,"amount":0.00022479,"tid":207015489,"timestamp":1694635782},{"type":"bid","price":2616999.99999998,"amount":0.00025969,"tid":207015488,"timestamp":1694635713},{"type":"bid","price":2616999.99999998,"amount":0.00126337,"tid":207015487,"timestamp":1694635713},{"type":"bid","price":2616999.99999998,"amount":0.00150355,"tid":207015486,"timestamp":1694635712},{"type":"bid","price":2616999.99999998,"amount":0.00082509,"tid":207015485,"timestamp":1694635706},{"type":"bid","price":2615517.98019045,"amount":0.00068334,"tid":207015484,"timestamp":1694635706},{"type":"bid","price":2615517.98019045,"amount":0.00025923,"tid":207015483,"timestamp":1694635705},{"type":"bid","price":2615517.98019045,"amount":0.00031903,"tid":207015482,"timestamp":1694635699},{"type":"bid","price":2615517.98019045,"amount":0.00030627,"tid":207015481,"timestamp":1694635698},{"type":"bid","price":2615517.98019045,"amount":0.00024615,"tid":207015480,"timestamp":1694635695},{"type":"ask","price":2605000.6,"amount":0.00012353,"tid":207015479,"timestamp":1694634766},{"type":"ask","price":2605000.6,"amount":0.0001,"tid":207015478,"timestamp":1694634599},{"type":"ask","price":2605001.3,"amount":0.0001,"tid":207015477,"timestamp":1694634589},{"type":"bid","price":2615517.98018127,"amount":0.00011417,"tid":207015476,"timestamp":1694631845},{"type":"bid","price":2615517.98019043,"amount":0.00752202,"tid":207015475,"timestamp":1694631508},{"type":"bid","price":2615500,"amount":0.00003775,"tid":207015474,"timestamp":1694631508},{"type":"bid","price":2615500,"amount":0.00021138,"tid":207015473,"timestamp":1694630533},{"type":"ask","price":2600000,"amount":0.0002255,"tid":207015472,"timestamp":1694629010},{"type":"ask","price":2600000,"amount":0.00037393,"tid":207015471,"timestamp":1694629010},{"type":"ask","price":2600000,"amount":0.00049943,"tid":207015470,"timestamp":1694629002},{"type":"ask","price":2600000.1,"amount":0.0001,"tid":207015469,"timestamp":1694629002},{"type":"bid","price":2605000,"amount":0.00188367,"tid":207015468,"timestamp":1694628638},{"type":"ask","price":2605000,"amount":0.00130922,"tid":207015467,"timestamp":1694628287},{"type":"ask","price":2605000,"amount":0.00034628,"tid":207015466,"timestamp":1694627818},{"type":"ask","price":2605000.1,"amount":0.0001,"tid":207015465,"timestamp":1694627818},{"type":"bid","price":2615499.99995612,"amount":0.00043613,"tid":207015464,"timestamp":1694627755},{"type":"bid","price":2608033.00000033,"amount":0.00002041,"tid":207015463,"timestamp":1694627237},{"type":"bid","price":2608033.00000033,"amount":0.00010327,"tid":207015462,"timestamp":1694627179},{"type":"bid","price":2608033.00000033,"amount":0.00010299,"tid":207015461,"timestamp":1694627124},{"type":"ask","price":2596098.78745367,"amount":0.00160058,"tid":207015460,"timestamp":1694626965},{"type":"ask","price":2596095.37500171,"amount":0.00092092,"tid":207015459,"timestamp":1694626765},{"type":"bid","price":2608033.00000033,"amount":0.00114798,"tid":207015458,"timestamp":1694626195},{"type":"bid","price":2608033.00000033,"amount":0.0010145,"tid":207015457,"timestamp":1694626085},{"type":"ask","price":2604314.2081694,"amount":0.00017611,"tid":207015456,"timestamp":1694625528},{"type":"ask","price":2604314.2081694,"amount":0.00019672,"tid":207015455,"timestamp":1694625401},{"type":"ask","price":2604314.2081694,"amount":0.00010396,"tid":207015454,"timestamp":1694625290},{"type":"ask","price":2604314.20816961,"amount":0.00047771,"tid":207015453,"timestamp":1694625290},{"type":"ask","price":2604314.20816961,"amount":0.00061793,"tid":207015452,"timestamp":1694625249},{"type":"ask","price":2604314.20816961,"amount":0.00014013,"tid":207015451,"timestamp":1694625249},{"type":"bid","price":2608033.00000033,"amount":0.000111,"tid":207015450,"timestamp":1694624477},{"type":"bid","price":2608033.00000033,"amount":0.000111,"tid":207015449,"timestamp":1694624476},{"type":"bid","price":2608033.00000033,"amount":0.00045792,"tid":207015448,"timestamp":1694624447},{"type":"bid","price":2608033.00000033,"amount":0.000222,"tid":207015447,"timestamp":1694624442},{"type":"bid","price":2608033.00000033,"amount":0.000222,"tid":207015446,"timestamp":1694624441},{"type":"bid","price":2608033.00000033,"amount":0.003799,"tid":207015445,"timestamp":1694624314},{"type":"bid","price":2608033.00000033,"amount":0.00074298,"tid":207015444,"timestamp":1694623547},{"type":"bid","price":2608033.00000033,"amount":0.0006525,"tid":207015443,"timestamp":1694622364},{"type":"ask","price":2599581.49150926,"amount":0.0012689,"tid":207015442,"timestamp":1694621926},{"type":"ask","price":2599581.49150926,"amount":0.0001,"tid":207015441,"timestamp":1694621087},{"type":"bid","price":2608033.00000033,"amount":0.00062439,"tid":207015440,"timestamp":1694620696},{"type":"bid","price":2608033.00000033,"amount":0.00066806,"tid":207015439,"timestamp":1694620691},{"type":"bid","price":2599398.3356316,"amount":0.0001,"tid":207015438,"timestamp":1694620021},{"type":"bid","price":2597628,"amount":0.0014558,"tid":207015437,"timestamp":1694620021},{"type":"bid","price":2597628,"amount":0.00026548,"tid":207015436,"timestamp":1694619506},{"type":"bid","price":2597628,"amount":0.0040596,"tid":207015435,"timestamp":1694619493},{"type":"bid","price":2597628,"amount":0.00486912,"tid":207015434,"timestamp":1694619493},{"type":"bid","price":2595000,"amount":0.00046544,"tid":207015433,"timestamp":1694619493},{"type":"bid","price":2595000,"amount":0.0006764,"tid":207015432,"timestamp":1694619492},{"type":"ask","price":2579052.61025835,"amount":0.00010255,"tid":207015431,"timestamp":1694617183},{"type":"bid","price":2579052.81014935,"amount":0.00017388,"tid":207015430,"timestamp":1694616971},{"type":"ask","price":2579052.81014935,"amount":0.0001,"tid":207015429,"timestamp":1694616969},{"type":"bid","price":2600000,"amount":0.0687385,"tid":207015428,"timestamp":1694615815},{"type":"bid","price":2600000,"amount":0.00802303,"tid":207015427,"timestamp":1694615815},{"type":"bid","price":2597645.82124449,"amount":0.00063401,"tid":207015426,"timestamp":1694615798},{"type":"bid","price":2580000,"amount":0.00445173,"tid":207015425,"timestamp":1694615798},{"type":"bid","price":2580000,"amount":0.00079833,"tid":207015424,"timestamp":1694615792},{"type":"bid","price":2580000,"amount":0.00068316,"tid":207015423,"timestamp":1694615790},{"type":"ask","price":2575884.00000104,"amount":0.00194109,"tid":207015422,"timestamp":1694615473},{"type":"ask","price":2575812.00000719,"amount":0.00173772,"tid":207015421,"timestamp":1694615147},{"type":"bid","price":2597645.82124449,"amount":0.0002412,"tid":207015420,"timestamp":1694615098}]}